@inproceedings{10.1145/3453483.3454055,
author = {Kostyukov, Yurii and Mordvinov, Dmitry and Fedyukovich, Grigory},
title = {Beyond the Elementary Representations of Program Invariants over Algebraic Data Types},
year = {2021},
isbn = {9781450383912},
publisher = {Association for Computing Machinery},
address = {New York, NY, USA},
url = {https://doi.org/10.1145/3453483.3454055},
doi = {10.1145/3453483.3454055},
abstract = {First-order logic is a natural way of expressing properties of computation. It is traditionally used in various program logics for expressing the correctness properties and certificates. Although such representations are expressive for some theories, they fail to express many interesting properties of algebraic data types (ADTs). In this paper, we explore three different approaches to represent program invariants of ADT-manipulating programs: tree automata, and first-order formulas with or without size constraints. We compare the expressive power of these representations and prove the negative definability of both first-order representations using the pumping lemmas. We present an approach to automatically infer program invariants of ADT-manipulating programs by a reduction to a finite model finder. The implementation called RInGen has been evaluated against state-of-the-art invariant synthesizers and has been experimentally shown to be competitive. In particular, program invariants represented by automata are capable of expressing more complex properties of computation and their automatic construction is often less expensive.},
booktitle = {Proceedings of the 42nd ACM SIGPLAN International Conference on Programming Language Design and Implementation},
pages = {451–465},
numpages = {15},
keywords = {tree automata, first-order definability, invariants, finite models, algebraic data types, invariant representation},
location = {Virtual, Canada},
authorscopus = {true},
addendum = {(Scopus)},
series = {PLDI 2021}
}

@inproceedings{LPAR2023:Collaborative_Inference_of_Combined,
  author    = {Yurii Kostyukov and Dmitry Mordvinov and Grigory Fedyukovich},
  title     = {Collaborative Inference of Combined Invariants},
  booktitle = {Proceedings of 24th International Conference on Logic for Programming, Artificial Intelligence and Reasoning},
  editor    = {Ruzica Piskac and Andrei Voronkov},
  series    = {EPiC Series in Computing},
  authorscopus = {true},
  addendum = {(Scopus)},
  volume    = {94},
  pages     = {288--305},
  year      = {2023},
  publisher = {EasyChair},
  bibsource = {EasyChair, https://easychair.org},
  issn      = {2398-7340},
  url       = {https://easychair.org/publications/paper/GRNG},
  doi       = {10.29007/kv72}
}

@article{костюков2019автоматическое,
  title={Автоматическое доказательство корректности программ с динамической памятью},
  author={Костюков, Юрий Олегович and Батоев, Константин Аланович and Мордвинов, Дмитрий Александрович and Костицын, Михаил Павлович and Мисонижник, Александр Владимирович},
  journal={Труды Института системного программирования РАН},
  volume={31},
  number={5},
  pages={37--62},
  year={2019},
  authorvak = {true},
  addendum = {(ВАК)},
  language = {russian},
  publisher={Федеральное государственное бюджетное учреждение науки Институт системного программирования РАН}
}

@article{мисонижник2022генерация,
  title={Генерация слабейших предусловий программ с динамической памятью в символьном исполнении},
  author={Мисонижник, Александр Владимирович and Костюков, Юрий Олегович and Костицын, Михаил Павлович and Мордвинов, Дмитрий Александрович and Кознов, Дмитрий Владимирович},
  journal={Научно-технический вестник информационных технологий, механики и оптики},
  volume={22},
  number={5},
  pages={982--991},
  year={2022},
  authorvak = {true},
  addendum = {(ВАК)},
  language = {russian},
  publisher={Федеральное государственное бюджетное учреждение науки Институт системного программирования РАН}
}
